@Article{ferreira,
  author={Pedro C. Ferreira and Daiane M. de Mattos and Vagner L. Ardeo},
  title={{Núcleo Triplo Filtro: uma medida de trajetória da inflação}},
  journal={Economia Aplicada},
  year=2016
}

@Manual{BETS,
title  = {BETS: Brazilian Economic Time Series},
author = {Pedro C. Ferreira and Talitha F. Speranza and Jonatha C. Azevedo and Fernando O. Teixeira and Daiane M. de Mattos },
year   = {2017},
url    = "http://cran.r-project.org/package=BETS"}

@Manual{Inflation,
title  = {Inflation: Core Inflation},
author = {Pedro C. Ferreira and Talitha F. Speranza and Fernando O. Teixeira and Daiane M. de Mattos },
year   = {2017},
url    = "http://cran.r-project.org/package=Inflation"}

@TechReport{census,
  author={{U.S. Census Bureau}},
  title={{The X-13 ARIMA-SEATS Seasonal Adjustment Program}},
  year=2013,
  url = {https://www.census.gov/srd/www/x13as}
}

@Article{castelar,
  author={Cristiano Santos and Ivan Castelar},
  title={{Avaliando as medidas de núcleo da inflação no Brasil}},
  journal={Economia Aplicada},
  year=2016,
  volume=20,
  number=1
}

@Article{mehra,
  author={Yash P. Mehra and Devin Reilly},
  title={{Short-term headline-core inflation dynamics}},
  journal={Economic Quarterly},
  year=2009,
  volume={},
  number={Sum},
  pages={289-313}
}

@TechReport{bcb,
  author={{Banco Central do Brasil}},
  title={{Metodologia do novo conjunto de medidas de núcleo de inflação}},
  year=2009,
  volume=11,
  number=4
}

@article{marques,
title = "Evaluating core inflation indicators",
journal = "Economic Modelling",
volume = "20",
number = "4",
pages = "765 - 775",
year = "2003",
issn = "0264-9993",
author = "Carlos Robalo Marques and Pedro Duarte Neves and Luı́s Morais Sarmento",
}

@article{ribba,
title = "Permanent-transitory decompositions and traditional measures of core inflation",
journal = "Economics Letters",
volume = "81",
number = "1",
pages = "109 - 116",
year = "2003",
issn = "0165-1765",
author = "Antonio Ribba"
}

@TechReport{figueiredo,
  author={Tito Nícias Teixeira da Silva Filho and Francisco Marcos Rodrigues Figueiredo},
  title={{Revisitando as Medidas de Núcleo de Inflação do Banco Central do Brasil}},
  year=2014,
  month=May,
  institution={Central Bank of Brazil, Research Department},
  type={Working Papers Series},
  url={https://ideas.repec.org/p/bcb/wpaper/356.html},
  number={356}
}

@article{johanssen,
 ISSN = {00129682, 14680262},
 author = {Søren Johansen},
 journal = {Econometrica},
 number = {6},
 pages = {1551-1580},
 publisher = {[Wiley, Econometric Society]},
 title = {Estimation and Hypothesis Testing of Cointegration Vectors in Gaussian Vector Autoregressive Models},
 volume = {59},
 year = {1991}
}

@article{diebold,
author = {Francis X. Diebold and Roberto S. Mariano },
title = {Comparing Predictive Accuracy},
journal = {Journal of Business \& Economic Statistics},
volume = {13},
number = {3},
pages = {253-263},
year  = {1995},
publisher = {Taylor & Francis}
}



